@preamble{ "\newcommand{\noopsort}[1]{} "
	# "\newcommand{\printfirst}[2]{#1} "
	# "\newcommand{\singleletter}[1]{#1} "
	# "\newcommand{\switchargs}[2]{#2#1} " }

@misc{usi,
	author = {Brian L. Sprague,  Ronald E. Gangnon,  Veronica Burt,  Amy Trentham-Dietz, John M. Hampton,  Robert D. Wellman,  Karla Kerlikowske,  Diana L. Miglioretti},
	title = {{ultra sound imaging}},
	howpublished = "\url{https://www.philips.com/a-w/about/news/archive/standard/news/press/2018/20181025-philips-debuts-integrated-breast-ultrasound-solution-to-make-exams-easier-and-faster-for-patients-and-clinicians.html}",
	year = {2008}, 
	note = "[Online; accessed 19-July-2008]"
}