@inproceedings{Khoo2018SolvingPP,
  title={Solving PDE problems with uncertainty using neural-networks},
  author={Yuehaw Khoo and Jianfeng Lu and L. I. U. Ying},
  year={2018}
}